<record><leader>00000cas a22000007a 4500</leader><controlfield tag="001">22718985</controlfield><controlfield tag="008">901120d188518uumnudr ne      0    0eng d</controlfield><datafield ind1=" " ind2=" " tag="010"><subfield code="a">sn 90059435 </subfield></datafield><datafield ind1=" " ind2=" " tag="040"><subfield code="a">MN#</subfield><subfield code="b">eng</subfield><subfield code="c">MN#</subfield><subfield code="d">OCLCQ</subfield></datafield><datafield ind1=" " ind2=" " tag="042"><subfield code="a">msc</subfield></datafield><datafield ind1=" " ind2=" " tag="043"><subfield code="a">n-us-mn</subfield></datafield><datafield ind1=" " ind2=" " tag="052"><subfield code="a">4144</subfield><subfield code="b">S4</subfield><subfield code="b">M5</subfield></datafield><datafield ind1="0" ind2="0" tag="245"><subfield code="a">Daily railway-hotel reporter.</subfield></datafield><datafield ind1="1" ind2="3" tag="246"><subfield code="a">Daily railway and hotel reporter</subfield></datafield><datafield ind1=" " ind2=" " tag="250"><subfield code="a">Albert Lea route ed.</subfield></datafield><datafield ind1=" " ind2=" " tag="260"><subfield code="a">St. Paul ;</subfield><subfield code="a">Minneapolis :</subfield><subfield code="b">Reporter Co.</subfield></datafield><datafield ind1=" " ind2=" " tag="300"><subfield code="a">v.</subfield></datafield><datafield ind1=" " ind2=" " tag="310"><subfield code="a">Daily</subfield></datafield><datafield ind1="1" ind2=" " tag="362"><subfield code="a">Began in 1885.</subfield></datafield><datafield ind1=" " ind2=" " tag="530"><subfield code="a">Available on microfilm from the Minnesota Historical Society.</subfield></datafield><datafield ind1=" " ind2=" " tag="588"><subfield code="a">Description based on: Vol. 6, no. 100 (Apr. 25, 1891).</subfield></datafield></record>